<record><leader>00000cas a22000007a 4500</leader><controlfield tag="001">11165904</controlfield><controlfield tag="008">840918d18661892inuwr ne      0    0eng d</controlfield><datafield ind1=" " ind2=" " tag="010"><subfield code="a">sn 84037952 </subfield></datafield><datafield ind1=" " ind2=" " tag="040"><subfield code="a">NPX</subfield><subfield code="b">eng</subfield><subfield code="c">NPX</subfield><subfield code="d">NPU</subfield><subfield code="d">NPI</subfield><subfield code="d">PPM</subfield><subfield code="d">NPI</subfield><subfield code="d">OCLCQ</subfield></datafield><datafield ind1=" " ind2=" " tag="042"><subfield code="a">msc</subfield></datafield><datafield ind1="0" ind2=" " tag="130"><subfield code="a">Mitchell commercial (Mitchell, Ind. : 1866)</subfield></datafield><datafield ind1="1" ind2="4" tag="245"><subfield code="a">The Mitchell commercial.</subfield></datafield><datafield ind1="3" ind2="0" tag="246"><subfield code="a">Daily commercial</subfield></datafield><datafield ind1=" " ind2=" " tag="260"><subfield code="a">Mitchell, Ind. :</subfield><subfield code="b">Elihu S. McIntire</subfield></datafield><datafield ind1=" " ind2=" " tag="310"><subfield code="a">Weekly</subfield></datafield><datafield ind1="1" ind2=" " tag="362"><subfield code="a">Began in Feb. 1866; ceased in 1892?</subfield></datafield><datafield ind1=" " ind2=" " tag="500"><subfield code="a">Mitchell was spelled Mitchel, &lt;1880-1882&gt;.</subfield></datafield><datafield ind1=" " ind2=" " tag="500"><subfield code="a">Special daily issues were published during the Aug. 1886 camp-meeting which was held in Mitchell; these issues were titled: Daily commercial.</subfield></datafield><datafield ind1=" " ind2=" " tag="588"><subfield code="a">Description based on: Vol. 8, no. 5 (Mar. 6, 1873).</subfield></datafield><datafield ind1=" " ind2=" " tag="752"><subfield code="a">United States</subfield><subfield code="b">Indiana</subfield><subfield code="c">Lawrence</subfield><subfield code="d">Mitchell.</subfield></datafield><datafield ind1="0" ind2="7" tag="785"><subfield code="t">Lawrence County news (Mitchell, Ind.)</subfield><subfield code="w">(DLC)sn 86058471</subfield></datafield><datafield ind1="0" ind2="7" tag="785"><subfield code="t">Mitchell commercial and Lawrence County news</subfield><subfield code="w">(DLC)sn 86058470</subfield></datafield></record>